
@misc{Newcome2023Poster,
  author    = {Newcome, Samuel James and Gratl, Fabio Alexander and Neumann, Philipp and Bungartz, Hans-Joachim},
  title     = {Towards the Smarter Tuning of Molecular Dynamics Simulations},
  journal   = {SIAM Conference on Computational Science and Engineering (CSE23)},
  year      = {2023},
  month     = {Feb},
  publisher = {SIAM},
  note      = {Amsterdam, The Netherlands},
  date      = {2023-02-26/2023-03-03},
  url       = {https://mediatum.ub.tum.de/node?id=1706480}
}


@article{Mohammed2022,
  author   = {Mohammed, Ali and Korndörfer, Jonas H. Müller and Eleliemy, Ahmed and Ciorba, Florina M.},
  journal  = {IEEE Transactions on Parallel and Distributed Systems},
  title    = {Automated Scheduling Algorithm Selection and Chunk Parameter Calculation in OpenMP},
  year     = {2022},
  volume   = {33},
  number   = {12},
  pages    = {4383-4394},
  keywords = {Scheduling algorithms;Heuristic algorithms;Runtime library;Dynamic scheduling;Load management;Standards;Parallel processing;Automatic selection;algorithm selection problem;dynamic load balancing;self-scheduling;runtime library;OpenMP;multithreaded programming;shared-memory systems},
  doi      = {10.1109/TPDS.2022.3189270}
}

@article{CROCKETT20062809,
  title    = {On constructing a fuzzy inference framework using crisp decision trees},
  journal  = {Fuzzy Sets and Systems},
  volume   = {157},
  number   = {21},
  pages    = {2809-2832},
  year     = {2006},
  issn     = {0165-0114},
  doi      = {https://doi.org/10.1016/j.fss.2006.06.002},
  url      = {https://www.sciencedirect.com/science/article/pii/S0165011406002533},
  author   = {Keeley Crockett and Zuhair Bandar and David Mclean and James OShea},
  keywords = {Fuzzy inference systems, Decision trees, Genetic algorithms},
}